 @book{
 	downey_2016, 
 	title={THINK DSP: Digital Signal Processing in python}, 
 	publisher={CRC Press}, 
 	author={Downey, Allen B.}, 
 	year={2016}
 } 
 @book{
 	farnell_2010, 
 	place={Cambridge, MA}, 
 	title={Designing sound}, 
 	publisher={MIT Press}, 
 	author={Farnell, Andy}, 
 	year={2010}
 } 
 @book{
 	lacamera_2020, 
 	place={Birmingham}, 
 	title={Embedded Systems Architecture: Explore Architectural Concepts, pragmatic design patterns, and best practices to produce robust systems}, 
 	publisher={Packt Publishing}, 
 	author={Lacamera, Daniele}, 
 	year={2020}
 } 
 @book{
 	reiss_mcpherson_2015, 
 	place={Boca Raton, FL}, 
 	title={Audio effects: Theory, implementation, and application}, 
 	publisher={CRC Press}, 
 	author={Reiss, Joshua D. and McPherson, Andrew P.}, 
 	year={2015}
 }
 @book{
 	huber_2007,
 	title={The MIDI Manual, Third Edition: A Practical Guide to MIDI in the Project Studio},
 	publisher={Focal Press},
 	author={David Miles Huber},
 	year={2007}
 }
 @book{
 	welsh_2006, 
 	place={United States}, 
 	title={Welsh's synthesizer cookbook}, 
 	publisher={Fred Welsh}, 
 	author={Welsh, Fred}, 
 	year={2006}
 } 
 @misc{
 	electro-smith, 
 	title={Setting up your development environment}, 
 	url={https://electro-smith.github.io/libDaisy/index.html}, 
 	journal={libDaisy: libDaisy}, 
 	publisher={Electro-Smith}, 
 	author={Electro-Smith}
 } 
 @book{
 	hass_2021, 
 	url={https://cmtext.indiana.edu/index.php},
 	place={Bloomington, IN}, 
 	title={Introduction to Computer Music}, 
 	publisher={Indiana University}, 
 	author={Hass, Jeffrey}, 
 	year={2021}
 }
 @book{
 	stanford_2007,
 	url={https://ccrma.stanford.edu/~jos/filters/},
 	title={Introduction to Digital Filters with Audio Applications},
 	author={Smith III, Julius O. Smith},
 	publisher={Center for Computer Research in Music and Acoustic, Stanford University},
 	year={2007},
 	month={Sep}
 }
 @misc{
 	duke_2000,
 	url={https://services.math.duke.edu/education/ccp/materials/linalg/linfilters/index.html},
 	title={Materials for Linear Algebra: Linear Filters},
 	author={Holden, Joshua},
 	publisher={Duke University},
 	year={2000},
 	month={Jun}
 }
 @misc{
 	notesandvolts,
 	title={Midi for the Arduino - Build a Midi Input Circuit},
 	url={https://www.notesandvolts.com/2015/02/midi-and-arduino-build-midi-input.html},
 	journal={Notes and Volts},
 	author={Dave},
 	year={2015}
 } 
 @misc{
 	musictech, 
 	title={Understanding the importance of filtering in synthesis},
 	url={https://musictech.com/guides/essential-guide/understanding-synthesis-filtering/}, 
 	journal={MusicTech},
 	author={Crute, Adam},
 	year={2019},
 	month={Jun}
 } 
 @misc{
 	paris_2022, 
 	title={What is a LFO and how to use it}, 
 	url={https://www.aulart.com/blog/what-is-a-lfo-and-how-to-use-it/}, 
 	journal={Aulart}, 
 	author={Paris, Vanesa}, 
 	year={2022}, 
 	month={Jun}
 } 
 @misc{
 	rise_2016, 
 	title={Subtractive synthesis: The synthesizer academy}, 
 	url={http://synthesizeracademy.com/subtractive-synthesis/}, 
 	journal={The Synthesizer Academy | Learn all about synthesizers}, 
 	author={Rise, Scott}, 
 	year={2016}, 
 	month={Mar}
 } 
 @misc{
 	tagi_2019, 
 	title={Learning synthesis: Oscillators}, 
 	url={https://www.perfectcircuit.com/signal/learning-synthesis-oscillators}, 
 	journal={Perfect Circuit}, 
 	publisher={Perfect Circuit}, 
 	author={Tagi, Eldar}, 
 	year={2019}, 
 	month={Feb}
 } 
 @misc{
 	ward_2003, 
 	title={Korg MicroKorg}, 
 	url={https://www.soundonsound.com/reviews/korg-microkorg}, 
 	journal={Korg microkorg}, 
 	publisher={Sound On Sound}, 
 	author={Ward, Paul}, 
 	year={2003}, 
 	month={Jan}
 } 
